%% This BibTeX bibliography file was created using BibDesk.
%% https://bibdesk.sourceforge.io/

%% Created for Benjamin Bloem-Reddy at 2019-08-21 11:27:41 -0700 


%% Saved with string encoding Unicode (UTF-8) 
	
@article{tibshirani2015stein,
  title={Stein’s unbiased risk estimate},
  author={Tibshirani, Ryan and Wasserman, L},
  journal={Course notes from “Statistical Machine Learning},
  pages={1--12},
  year={2015}
}

@inproceedings{stein1956variate,
  title={Inadmissibility of the usual estimator of the mean of a multivariate normal distribution},
  author={Stein, Charles},
  booktitle={Proceedings of the Third Berkeley Symposium on Mathematical Statistics and Probability: Contributions to the Theory of Statistics},
  volume={1},
  pages={197},
  year={1956},
  organization={University of California Press}
}

@phdthesis{tsui1978simultaneous,
  title={Simultaneous estimation of the parameters of the distributions of independent Poisson random variables},
  author={Tsui, Kam-Wah},
  year={1978},
  school={University of British Columbia}
}

@article{berger1975minimax,
  title={Minimax estimation of location vectors for a wide class of densities},
  author={Berger, James},
  journal={The Annals of Statistics},
  pages={1318--1328},
  year={1975},
  publisher={JSTOR}
}

@book{degroot2005optimal,
  title={Optimal statistical decisions},
  author={DeGroot, Morris H},
  year={2005},
  publisher={John Wiley \& Sons}
}

@incollection{james1992estimation,
  title={Estimation with quadratic loss},
  author={James, William and Stein, Charles},
  booktitle={Breakthroughs in statistics},
  pages={443--460},
  year={1992},
  publisher={Springer}
}

@book{peng1975simultaneous,
  title={Simultaneous estimation of the parameters of independent Poisson distributions},
  author={Peng, James Chao-Ming},
  year={1975},
  publisher={Stanford University}
}

@article{hudson1978natural,
  title={A natural identity for exponential families with applications in multiparameter estimation},
  author={Hudson, H Malcolm},
  journal={The Annals of Statistics},
  volume={6},
  number={3},
  pages={473--484},
  year={1978},
  publisher={Institute of Mathematical Statistics}
}

@article{10.2307/1267380,
 ISSN = {00401706},
 URL = {http://www.jstor.org/stable/1267380},
 abstract = {We discuss the interpretation of CP-plots and show how they can be calibrated in several ways. We comment on the practice of using the display as a basis for formal selection of a subset-regression model, and extend the range of application of the device to encompass arbitrary linear estimates of the regression coefficients, for example Ridge estimates.},
 author = {C. L. Mallows},
 journal = {Technometrics},
 number = {4},
 pages = {661--675},
 publisher = {[Taylor & Francis, Ltd., American Statistical Association, American Society for Quality]},
 title = {Some Comments on CP},
 urldate = {2022-10-17},
 volume = {15},
 year = {1973}
}

@article{li1986asymptotic,
  title={Asymptotic optimality of CL and generalized cross-validation in ridge regression with application to spline smoothing},
  author={Li, Ker-Chau},
  journal={The Annals of Statistics},
  pages={1101--1112},
  year={1986},
  publisher={JSTOR}
}